<?xml version="1.0" encoding="UTF-8"?><collection xmlns="http://www.loc.gov/MARC21/slim"><record><leader>00344nam--2200121-i-4500</leader><controlfield tag="001">000048001</controlfield><controlfield tag="002">20161230</controlfield><controlfield tag="005">20161230201046</controlfield><controlfield tag="008">060222s1000------------r-----000-0-eng-d</controlfield><datafield ind1=" " ind2=" " tag="100"><subfield code="a">Ziegenfuss, James T</subfield></datafield><datafield ind1=" " ind2=" " tag="245"><subfield code="a">Behavioral scientists in courts and corrections</subfield></datafield><datafield ind1=" " ind2=" " tag="260"><subfield code="a">New York, Van Nostrand Reinhold Company, 1985, Ix + 245p</subfield></datafield><datafield ind1=" " ind2=" " tag="852"><subfield code="a">79391</subfield></datafield></record></collection>